<?xml version="1.0" encoding="UTF-8"?><collection xmlns="http://www.loc.gov/MARC21/slim"><record><leader>00723nam--2200193-i-4500</leader><controlfield tag="001">000040976</controlfield><controlfield tag="002">20161230</controlfield><controlfield tag="005">20170118000855</controlfield><controlfield tag="008">060222s1000------------r-----000-0-fre-d</controlfield><datafield ind1=" " ind2=" " tag="040"><subfield code="a">IFIN-HH</subfield></datafield><datafield ind1=" " ind2=" " tag="041"><subfield code="a">fre</subfield></datafield><datafield ind1=" " ind2=" " tag="080"><subfield code="a">539.12.01(061.3)</subfield></datafield><datafield ind1="1" ind2=" " tag="100"><subfield code="a">Alessandrini, V</subfield></datafield><datafield ind1="1" ind2="0" tag="245"><subfield code="a">Cordes at super-cordes collisionneurs lineaires a electrons</subfield><subfield code="b">Ecole d'ete de physique des particules, Universite d'Aaix-Marseille i faculte des sciences de luminy 19eme session - 7 -11 septembre 1987</subfield><subfield code="c">V. Alessandrini, P. Bambade, P. Bientruy, C. Kounnas, J. Le Duff, A. Schwimmer</subfield></datafield><datafield ind1=" " ind2=" " tag="260"><subfield code="a">Aix-Marseille</subfield><subfield code="b">Universite</subfield><subfield code="c">1987</subfield></datafield><datafield ind1=" " ind2=" " tag="300"><subfield code="a">283 p</subfield></datafield><datafield ind1="1" ind2=" " tag="700"><subfield code="a">Schwimmer, Adam</subfield></datafield><datafield ind1=" " ind2=" " tag="852"><subfield code="a">79753</subfield><subfield code="c">539.12</subfield></datafield><datafield ind1=" " ind2=" " tag="CAT"><subfield code="a">SYS</subfield><subfield code="c">20170118</subfield><subfield code="h">000855</subfield></datafield></record></collection>